% Encoding: UTF-8

@STRING{dke = {Data \& Knowledge Engineering}}

@STRING{joop = {Journal of Object-Oriented Programming}}

@STRING{lnai = {Lecture Notes in Artificial Intelligence}}

@STRING{lncs = {Lecture Notes in Computer Science}}

@STRING{mibi = {Medizinische Informatik und Bioinformatik}}

@STRING{tkde = {IEEE Transactions on Knowledge and Data Engineering}}

@STRING{tods = {ACM Transactions on Database Systems}}

@STRING{tois = {ACM Transactions on Information Systems}}

@InBook{Berztiss1998,
  pages        = {216--226},
  title        = {Domain models for flexible decision support systems},
  publisher    = {Springer US},
  year         = {1998},
  author       = {Berztiss, Alfs T.},
  editor       = {Berkeley, Dina and Widmeyer, George R. and Brezillon, Patrick and Rajkovic, Vladislav},
  address      = {Boston, MA},
  isbn         = {978-0-387-35356-2},
  abstract     = {Information systems are affected by the very rapid change of the environment
	in which they are embedded. There is also increased dependence of
	organizations on externally developed information systems. The first
	trend requires that any particular DSS be easily adaptable to environmental
	changes. This we call context evolution. The second leads to DSSs
	being developed as product lines, and this gives rise to context
	switching. We address these trends by means of two-level domain modeling:
	a generic base model remains for the most part unchanged for all
	products of a product line; an upper level consists of specializations
	for specific contexts.},
  booktitle    = {Context Sensitive Decision Support Systems: IFIP TC8 / WG8.3 International Conference on Context-Sensitive Decision Support Systems 13--15 July 1998, Bled, Slovenia},
  doi          = {10.1007/978-0-387-35356-2_14},
  file         = {:..\\..\\..\\literature_repository\\1998_Book_ContextSensitiveDecisionSuppor.pdf:PDF},
  url          = {https://doi.org/10.1007/978-0-387-35356-2_14},
  urlacessdate = {30 jul. 2018},
}

@Book{Bueno2012,
  title        = {Emprego e adapta{\c{c}}{\~{a}}o do m{\'{e}}todo GMP-RAM para avalia{\c{c}}{\~{a}}o dos riscos das nanotecnologias},
  publisher    = {Embrapa Meio Ambiente},
  year         = {2012},
  author       = {Bueno, C. C. And Jesus, K. R. E. De},
  editor       = {Embrapa Meio Ambiente},
  address      = {Jaguari{\'{u}}na, SP},
  month        = jan,
  citeseerurl  = {http://ainfo.cnptia.embrapa.br/digital/bitstream/item/52419/1/boletim-62.pdf},
  file         = {:..\\..\\..\\literature_repository\\gmp-ram completo.pdf:PDF},
  journal      = {Workshop Da Rede De Nanotecnologia Aplicada Ao Agronegócio},
  owner        = {123},
  pages        = {76},
  timestamp    = {2018.07.31},
  url          = {http://ainfo.cnptia.embrapa.br/digital/bitstream/item/52419/1/boletim-62.pdf},
  urlacessdate = {30 jul. 2018},
}

@Article{Jesus2017,
  author       = {Jesus, K. R. E. De and Moura, J. P. S. De and Limeira, W. A. and Torquato, S. A. and Massini, K. C. and Garavito, J. and Valadão, L. and Moreira, D. De A.},
  title        = {Desenvolvimento de ontologias e linguagem de dom{\'{i}}nio espec{\'{i}}fico para an{\'{a}}lises de complexidade sem{\^{a}}ntica em nanotecnologia agr{\'{i}}cola},
  journal      = {Workshop De Nanotecnologia Aplicada Ao Agroneg{\'{o}}cio},
  year         = {2017},
  volume       = {9},
  pages        = {671--674},
  month        = nov,
  citeseerurl  = {https://ainfo.cnptia.embrapa.br/digital/bitstream/item/171424/1/2017AA61.pdf},
  file         = {:..\\..\\..\\literature_repository\\2017AA61.pdf:PDF},
  owner        = {123},
  timestamp    = {2018.07.30},
  url          = {https://ainfo.cnptia.embrapa.br/digital/bitstream/item/171424/1/2017AA61.pdf},
  urlacessdate = {30 jul. 2018},
}

@InProceedings{8117471,
  author       = {A. S. Khan},
  title        = {Nanotechnology applications in food and agriculture},
  booktitle    = {2017 IEEE 17th International Conference on Nanotechnology (IEEE-NANO)},
  year         = {2017},
  pages        = {877--878},
  month        = jul,
  citeseerurl  = {https://ieeexplore.ieee.org/stamp/stamp.jsp?tp=&arnumber=8117471},
  doi          = {10.1109/NANO.2017.8117471},
  file         = {:..\\..\\..\\literature_repository\\08117471.pdf:PDF},
  keywords     = {agricultural products;agriculture;contamination;food processing industry;food products;food safety;health and safety;international trade;nanotechnology;retailing;risk management;agriculture;contaminated food;food products;food supply;food-safety concerns;food-safety risks;geographic areas;global food retail sales;globalization;heavily populated countries;international food industry;international food trade patterns;key global public health issues;modernization;Agriculture;Nanobioscience;Nanomaterials;Nanoparticles;Safety},
  url          = {https://ieeexplore.ieee.org/stamp/stamp.jsp?tp=&arnumber=8117471},
  urlacessdate = {30 jul. 2018},
}

@BOOK{Power2002,
  title = {Decision Support Systems: Concepts and Resources for Managers},
  publisher = {Prager},
  year = {2002},
  editor = {Greenwood},
  author = {Daniel J. Power},
  owner = {123},
  timestamp = {2018.07.31}
}

@Article{SHIM2002111,
  author       = {J.P. Shim and Merrill Warkentin and James F. Courtney and Daniel J. Power and Ramesh Sharda and Christer Carlsson},
  title        = {Past, present, and future of decision support technology},
  journal      = {Decision Support Systems},
  year         = {2002},
  volume       = {33},
  number       = {2},
  pages        = {111--126},
  issn         = {0167-9236},
  note         = {Decision Support System: Directions for the Nest Decade},
  doi          = {https://doi.org/10.1016/S0167-9236(01)00139-7},
  file         = {:..\\..\\..\\literature_repository\\1-s2.0-S0167923601001397-main.pdf:PDF},
  keywords     = {Decision support technology, DSS development, Collaborative support systems, Virtual teams, Optimization-based decision support},
  url          = {http://www.sciencedirect.com/science/article/pii/S0167923601001397},
  urlacessdate = {30 jul. 2018},
}

@MastersThesis{Suarez2017,
  author       = {John Freddy Garavito Suarez},
  title        = {Ontologias e DSLs na gera{\c{c}}{\~{a}}o de sistemas de apoio {\`{a}} decis{\~{a}}o, caso de estudo SustenAgro},
  school       = {Universidade de S{\~{a}}o Paulo},
  year         = {2017},
  address      = {S{\~{a}}o Carlos},
  month        = jul,
  citeseerurl  = {http://www.teses.usp.br/teses/disponiveis/55/55134/tde-26072017-113829/publico/JohnFreddyGaravitoSuarez_revisada.pdf},
  doi          = {10.11606/D.55.2017.tde-26072017-113829},
  file         = {:..\\..\\..\\literature_repository\\JohnFreddyGaravitoSuarez_revisada.pdf:PDF},
  owner        = {123},
  timestamp    = {2018.07.30},
  url          = {http://www.teses.usp.br/teses/disponiveis/55/55134/tde-26072017-113829/publico/JohnFreddyGaravitoSuarez_revisada.pdf},
  urlacessdate = {30 jul. 2018},
}

@Book{BookNanotechnology2005,
  title         = {Implications of Nanotechnology for Environmental Health Research},
  publisher     = {National Academies Press},
  year          = {2005},
  author        = {{Institute of Medicine (US) Roundtable on Environmental Health Sciences, Research, and Medicine}},
  editor        = {Goldman, L. and Coussens, C.},
  address       = {Washington, DC},
  institution   = {Institute of Medicine (US) Roundtable on Environmental Health Sciences, Research, and Medicine},
  org-short     = {IM},
  organization  = {Institute of Medicine (US) Roundtable on Environmental Health Sciences, Research, and Medicine},
  url           = {https://www.ncbi.nlm.nih.gov/books/NBK21027/},
  urlaccessdate = {02 ago. 2018},
}

@Article{JESUS2007,
  author        = {Jesus, K. R. E. De and Vieira, F. D. and Lima, D. U. De},
  title         = {GMP- RAM V1.1: Uma proposta de software como sistema de suporte {\`{a}} decis{\~{a}}o para avalia{\c{c}}{\~{a}}o de risco de plantas geneticamente modificadas},
  journal       = {Congresso Brasileiro De Agroinformática - SBIAGRO},
  year          = {2007},
  volume        = {6},
  pages         = {136--140},
  month         = oct,
  url           = {https://ainfo.cnptia.embrapa.br/digital/bitstream/item/100249/1/2007AA-007.pdf},
  urlaccessdate = {02 ago. 2018},
}

@Book{Fowler2010,
  title     = {Domain-Specific Languages},
  publisher = {Addison-Wesley Educational Publishers Inc},
  year      = {2010},
  author    = {Martin Fowler and Rebecca Parsons},
  month     = oct,
  isbn      = {978-0-321-71294-3},
}

@Article{van_Deursen_2000,
  author        = {Arie van Deursen and Paul Klint and Joost Visser},
  title         = {Domain-specific languages},
  journal       = {{ACM} {SIGPLAN} Notices},
  year          = {2000},
  volume        = {35},
  number        = {6},
  pages         = {26--36},
  month         = jun,
  doi           = {10.1145/352029.352035},
  publisher     = {Association for Computing Machinery ({ACM})},
  url           = {https://dl.acm.org/ft_gateway.cfm?id=352035&type=pdf&CFID=58745319&CFTOKEN=4eb52fc7d59c98c7-C0E2B2A3-ED4F-B963-4348CE89F91B8B1D},
  urlaccessdate = {02 ago. 2018},
}

@Book{9781935182450,
  title     = {Dsls in Action},
  publisher = {MANNING PUBN},
  year      = {2011},
  author    = {Ghosh, Debasish},
  isbn      = {1935182455},
  date      = {2011-05-27},
  ean       = {9781935182450},
  pagetotal = {376},
  url       = {https://www.ebook.de/de/product/10943929/debasish_ghosh_dsls_in_action.html},
  urlaccessdate = {02 ago. 2018}
}

@Article{Ci.Inf.1077,
  author        = {Renato Souza and Lídia Alvarenga},
  title         = {A Web Semântica e suas contribuições para a ciência da informação},
  journal       = {Ciência da Informação},
  year          = {2004},
  volume        = {33},
  number        = {1},
  issn          = {1518-8353},
  abstract      = {O presente artigo apresenta o processo de atualização por que passa a World Wide Web na sua transição para o que tem sido chamado de “Web Semântica”. Neste sentido, busca-se identificar as tecnologias, as organizações associadas e o embasamento filosófico e conceitual subjacentes a esta nova web. O artigo também procura apresentar as imbricações existentes com a ciência da informação e as possibilidades de ampliação de escopo dos seus objetos tradicionais de pesquisa com o aporte dos novos padrões e tecnologias que estão sendo desenvolvidos no âmbito da Web Semântica.},
  doi           = {10.18225/ci.inf..v33i1.1077},
  keywords      = {Web Semântica; Ciência da informação; Internet; Sistemas de recuperação da informação; Hipertexto},
  url           = {http://revista.ibict.br/ciinf/article/view/1077},
  urlaccessdate = {02 ago. 2018},
}

@Article{10.2307/26059207,
  author    = {Tim Berners-lee and James Hendler and Ora Lassila},
  title     = {The Semantic Web},
  journal   = {Scientific American},
  year      = {2001},
  volume    = {284},
  number    = {5},
  pages     = {34--43},
  issn      = {00368733, 19467087},
  publisher = {Scientific American, a division of Nature America, Inc.},
  url       = {http://www.jstor.org/stable/26059207},
}

@TechReport{SOUZA2002,
  author        = {Renilson Rehem de Souza},
  title         = {O Sistema Público de Saúde Brasileiro},
  year          = {2002},
  number        = {04},
  month         = {ago},
  journal       = {Seminário Internacional - Tendências e Desafios dos Sistemas de Saúde nas Américas},
  pages         = {317},
  publisher     = {Cambridge University Press ({CUP})},
  url           = {http://bvsms.saude.gov.br/bvs/publicacoes/sistema_saude.pdf},
  urlaccessdate = {20 jan. 2018},
  volume        = {19},
}

@Article{doi:10.1108/13673271211246112,
  author        = {Tatiana Gavrilova and Tatiana Andreeva},
  title         = {Knowledge elicitation techniques in a knowledge management context},
  journal       = {Journal of Knowledge Management},
  year          = {2012},
  volume        = {16},
  number        = {4},
  pages         = {523--537},
  abstract      = { Purpose – A significant part of knowledge and experience in an organization belongs not to the organization itself, but to the individuals it employs. Therefore, knowledge management (KM) tasks should include eliciting knowledge from knowledgeable individuals. The paper aims to argue that the current palette of methods proposed for this in KM discourse is limited by idealistic assumptions about the behavior of knowledge owners. This paper also aims to enrich the repertoire of methods that can be used in an organization to extract knowledge (both tacit and explicit) from its employees by bridging KM and knowledge engineering and its accomplishments in the knowledge elicitation field.Design/methodology/approach – This paper is based on extensive literature review and 20 years of experience of one of the authors in applying various knowledge elicitation techniques in multiple companies and contexts.Findings – The paper proposes that the special agent (analyst) might be needed to elicit knowledge from individuals (experts) in order to allow further knowledge sharing and knowledge creation. Based on this idea, the paper proposes a new classification of the knowledge elicitation techniques that highlights the role of analyst in the knowledge elicitation process.Practical implications – The paper contributes to managerial practice by describing a systemic variety of knowledge elicitation techniques with direct recommendations of their feasibility in the KM context.Originality/value – The paper contributes to a wider use of knowledge engineering methodologies and technologies by KM researchers and practitioners in organizations. },
  doi           = {10.1108/13673271211246112},
  eprint        = {https://doi.org/10.1108/13673271211246112},
  url           = { 
        https://doi.org/10.1108/13673271211246112
    
},
  urlaccessdate = {02 ago. 2018},
}

@article{Roussey2010,
author = {Roussey, Catherine and Soulignac, Vincent and Champomier, J.C. and Abt, V and Chanet, Jean-Pierre},
year = {2010},
month = {09},
pages = {},
title = {Ontologies in Agriculture},
booktitle = {AgEng 2010, International Conference on Agricultural Engineering}
}

@InCollection{sep-logic-ontology,
	author       =	{Hofweber, Thomas},
	title        =	{Logic and Ontology},
	booktitle    =	{The Stanford Encyclopedia of Philosophy},
	editor       =	{Edward N. Zalta},
	howpublished =	{\url{https://plato.stanford.edu/archives/sum2018/entries/logic-ontology/}},
	year         =	{2018},
	edition      =	{Summer 2018},
	publisher    =	{Metaphysics Research Lab, Stanford University}
}

@TechReport{Noy2001,
  author      = {Natalya F. Noy and Deborah L. Mcguinness},
  title       = {Ontology Development 101: A Guide to Creating Your First Ontology},
  institution = {Stanford University},
  year        = {2001},
  type        = {techreport},
  address     = {Stanford, CA},
  url         = {https://protege.stanford.edu/publications/ontology_development/ontology101-noy-mcguinness.html},
  urlaccessdate = {02 ago. 2018}
}

@Book{9780123859662,
  title     = {Semantic Web for the Working Ontologist},
  publisher = {Elsevier Science},
  year      = {2011},
  author    = {Dean Allemang and James Hendler},
  edition   = {2},
  isbn      = {9780123859662},
  date      = {2011-07-05},
  ean       = {9780123859662},
  pagetotal = {384},
  url       = {https://www.ebook.de/de/product/15185675/dean_allemang_james_hendler_semantic_web_for_the_working_ontologist.html},
}

@Article{Cheng2016,
  author    = {Yi-Yun Cheng and Hsueh-Hua Chen},
  title     = {Towards a seamless multilingual Semantic Web: A study on constructing a cross-lingual ontology},
  journal   = {Proceedings of the Association for Information Science and Technology},
  year      = {2016},
  volume    = {53},
  number    = {1},
  pages     = {1--6},
  doi       = {10.1002/pra2.2016.14505301142},
  publisher = {Wiley},
}

@Book{9781439801567,
  title     = {Applied Semantic Web Technologies},
  publisher = {Taylor \& Francis Ltd},
  year      = {2011},
  author    = {Vijayan Sugumaran and Jon Atle Gulla},
  isbn      = {9781439801567},
  date      = {2011-08-10},
  ean       = {9781439801567},
  pagetotal = {476},
  url       = {https://www.ebook.de/de/product/19877954/applied_semantic_web_technologies.html},
}

@Article{Ossenbruggen2002,
  author  = {Jacco van Ossenbruggen and Lynda Hardman and Lloyd Rutledge},
  title   = {Hypermedia and the Semantic Web: A Research Agenda},
  journal = {Journal of Digital information},
  year    = {2002},
  volume  = {3},
  number  = {1},
  month   = may,
  url     = {https://kask.eti.pg.gda.pl/redmine/projects/sova/repository/revisions/master/entry/doc/Master%2520Thesis%2520(In%2520Polish)/materials/10.1.1.115.9584.pdf},
urlaccessdate = {02 ago. 2018}
}

@article{Mcguinness2004,
author = {Mcguinness, Deborah and Harmelen, Frank},
year = {2004},
month = {02},
pages = {},
title = {OWL Web ontology language: Overview},
volume = {10},
booktitle = {W3C Recomm}
}

@InBook{Alamri_2012,
  pages         = {15--35},
  title         = {Distributed Store for Ontology Data Management},
  publisher     = {Springer Berlin Heidelberg},
  year          = {2012},
  author        = {Abdullah Alamri and Peter Bertok},
  editor        = {Roger Lee},
  month         = jan,
  booktitle     = {Computer and Information Science 2012},
  doi           = {10.1007/978-3-642-30454-5_2},
  url           = {https://www.researchgate.net/publication/278647648_Distributed_Store_for_Ontology_Data_Management?_sg=BZs07K4mee0MoI6_dhPFEvvSts03U8cFsh6UZw-EOtrxt-FOhLjZqfXdWi2DR5oMXIlN3P4ggQ},
  urlaccessdate = {02 ago. 2018},
}

@Book{9783319212098,
  title     = {Intelligent Decision Technology Support in Practice},
  publisher = {Springer International Publishing},
  year      = {2015},
  editor    = {Tweedale, J.W. and Neves-Silva, R. and Jain, L.C. and Phillips-Wren, G. and Watada, J. and Howlett, R.J.},
  isbn      = {978-3-319-21209-8},
  date      = {2015-08-22},
  ean       = {9783319212098},
  url       = {https://www.ebook.de/de/product/24948120/intelligent_decision_technology_support_in_practice.html},
}

@Article{REVUNIFEBE551,
  author        = {Roberto Heinzle and Fernando Ostuni Gauthier and Francisco Pereira Fialho},
  title         = {Semântica nos sistemas de apoio a decisão: o estado da arte},
  journal       = {Revista da UNIFEBE},
  year          = {2017},
  volume        = {1},
  number        = {8},
  pages         = {225--248},
  issn          = {2177-742X},
  abstract      = {O presente artigo tem por objetivo fornecer uma visão geral do estado da arte da capacidade semântica dos Sistemas de Apoio a Decisão-SAD. Nesse sentido, o texto relata o resultado de uma revisão sistemática através da qual foi feito um levantamento das publicações relativas ao tema e realizadas entre os anos de 2005 a 2009. Trata-se de uma pesquisa básica exploratória na qual a metodologia empregada é a preconizada por Barbara Kitchenham (KITCHENHAM, 2004). Integram a referida revisão teses, dissertações e artigos científicos, nacionais e internacionais, os quais totalizaram cem textos lidos. A coleta de dados foi feita usando o Portal Capes e filtros de busca na Internet, sendo seu objetivo traçar o perfil da produção atual sobre os SAD e, a partir dele, identificar os aspectos relevantes e predominantes, e também as lacunas existentes nas investigações. Neste sentido, restou evidenciado que as funcionalidades semânticas destes sistemas são hoje sustentadas predominantemente com o uso de ontologias, como mecanismo para a representação do conhecimento, e a aplicação do raciocínio monotônico, como instrumento para o processo de inferência sobre este conhecimento.},
  keywords      = {Sistemas de Apoio a Decisão. Semântica nos Sistemas de Informação. Ontologia. Raciocínio Computacional.},
  url           = {http://periodicos.unifebe.edu.br/index.php/revistaeletronicadaunifebe/article/view/551},
  urlaccessdate = {02 ago. 2018},
}

@Book{9780321125217,
  title     = {Domain-Driven Design},
  publisher = {Addison Wesley},
  year      = {2003},
  author    = {Evans, Eric J.},
  isbn      = {0-321-12521-5},
  date      = {2003-09-18},
  ean       = {9780321125217},
  pagetotal = {529},
  url       = {https://www.ebook.de/de/product/3258737/eric_j_evans_domain_driven_design.html},
}

@InProceedings{10.1007/3-540-63383-9_78,
author="de Jong, Edwin",
editor="Garlan, David
and Le M{\'e}tayer, Daniel",
title="Software architecture for large control systems: A case study description",
booktitle="Coordination Languages and Models",
year="1997",
publisher="Springer Berlin Heidelberg",
address="Berlin, Heidelberg",
pages="150--156",
abstract="A case study description is presented that can be used as a reference in studying or comparing the properties of software architectures. The case study is centred around a railroad control system. Care has been taken to keep the problem simple, yet containing all the issues a real-world, industrial-quality system has to face. Besides functional requirements, the case study addresses real-time, fault-tolerant, and adaptive behaviour.",
isbn="978-3-540-69527-1"
}

@Article{car2018using,
  author        = {Car, Nicholas J},
  title         = {USING decision models to enable better irrigation Decision Support Systems},
  journal       = {Computers and Electronics in Agriculture},
  year          = {2018},
  volume        = {152},
  pages         = {290--301},
  publisher     = {Elsevier},
  url           = {https://www.sciencedirect.com/science/article/pii/S0168169917313595},
  urlaccessdate = {03 ago. 2018},
}

@ARTICLE{8403911, 
author={S. El-Sappagh and J. M. Alonso and F. Ali and A. Ali and J. Jang and K. Kwak}, 
journal={IEEE Access}, 
title={An Ontology-Based Interpretable Fuzzy Decision Support System for Diabetes Diagnosis}, 
year={2018}, 
volume={6}, 
number={}, 
pages={37371--37394}, 
keywords={Diabetes;Cognition;Ontologies;Medical diagnostic imaging;Diseases;Semantics;Clinical decision support system;diabetes diagnosis;fuzzy inference system;ontology reasoning;fuzzy interpretability}, 
doi={10.1109/ACCESS.2018.2852004}, 
ISSN={2169-3536}, 
month={},
url = {https://ieeexplore.ieee.org/abstract/document/8403911/},
urlaccessdate = {03 ago.2018}
}

@article{ABANDA201110896,
title = "An ontology-driven decision support system for land delivery in Zambia",
journal = "Expert Systems with Applications",
volume = "38",
number = "9",
pages = "10896--10905",
year = "2011",
issn = "0957-4174",
doi = "https://doi.org/10.1016/j.eswa.2011.02.130",
url = "http://www.sciencedirect.com/science/article/pii/S0957417411003514",
author = "Henry Abanda and Austine Ng’ombe and Joseph H.M. Tah and Ramin Keivani",
keywords = "Ontology, Semantic Web technology, Zambian land delivery",
urlaccessdate = "03 ago. 2018"
}

@inproceedings{hussain2007semantic,
  title={Semantic web framework for knowledge-centric clinical decision support systems},
  author={Hussain, Sajjad and Abidi, Samina Raza and Abidi, Syed Sibte Raza},
  booktitle={Conference on artificial intelligence in medicine in europe},
  pages={451--455},
  year={2007},
  organization={Springer},
  url = {https://link.springer.com/chapter/10.1007/978-3-540-73599-1_60},
  urlaccessdate = {03 ago. 2018}
}

@article{CECCARONI2004785,
title = "OntoWEDSS: augmenting environmental decision-support systems with ontologies",
journal = "Environmental Modelling \& Software",
volume = "19",
number = "9",
pages = "785--797",
year = "2004",
note = "Environmental Sciences and Artificial Intelligence",
issn = "1364-8152",
doi = "https://doi.org/10.1016/j.envsoft.2003.03.006",
url = "http://www.sciencedirect.com/science/article/pii/S1364815203002056",
author = "Luigi Ceccaroni and Ulises Cortés and Miquel Sànchez-Marrè",
keywords = "Ontologies, Environmental modeling, Artificial intelligence, Decision-support systems",
urlaccessdate = "03 ago. 2018"
}
@article{SOUZA2014,
title = "Do normativo à realidade do Sistema Único de Saúde: revelando barreiras de acesso na rede de cuidados assistenciais",
journal = "Ciência & Saúde Coletiva",
volume = "19",
number = "4",
pages = "1283-1293",
year = "2014",
issn = "1678-4561",
doi = "https://doi.org/10.1590/1413-81232014194.01702013",
url = "https://www.scielosp.org/scielo.php?pid=S1413-81232014000401283&script=sci_arttext&tlng=es#ModalArticles",
author = "Sousa, Fabiana de Oliveira Silvaet al.",
urlaccessdate = "22 Jan 2019"
}
@ARTICLE{KRISHNAMURTI2005,
  author = {Krishnamurti Matos de Araujo Sarmento Junior, Shiro Tomita, Arthur
	Octavio de Avila Kos},
  title = {The problem of waiting lines for otorhinolaryngology surgeries in public services},
  journal = {Revista Brasileira de Otorrinolaringologia},
  year = {2005},
  volume = {71},
  pages = {256 - 262},
  number = {2},
  doi = {https://doi.org/10.1016/S0167-9236(01)00139-7},
  issn = {0167-9236},
  url = {http://www.scielo.br/scielo.php?script=sci_arttext&pid=S0034-72992005000300001},
  urlacessdate = {30 jul. 2018}
}



@ARTICLE{SICILIANI2004,
  author = {Luigi Siciliani and JeremyHurst},
  title = {Tackling excessive waiting times for elective surgery: a comparative analysis of policies in 12 OECD countries},
  year = {2004},
  doi = {https://doi.org/10.1016/j.healthpol.2004.07.003},
  issn = {0167-9236},
  url = {https://www.sciencedirect.com/science/article/pii/S0168851004001617?via%3Dihub#!},
  urlacessdate = {24 out. 2018}
}
@ARTICLE{LOPEZ2007,
  author = {ÁNGELES LÓPEZ},
  title = {Desesperados con las listas de espera. Sanidad Pública},
  url = {https://www.elmundo.es/elmundosalud/2007/01/16/portada/1168957058.html},
  year = {2007},
  journal = {Elmundo.es},
  urlacessdate = {25 out. 2018}
}

@ARTICLE{Gazzinelli2014,
  author = {Ed Wilson Rodrigues Vieira; Thais Moreira Nascimento Lima; Andréa
	Gazzinelli},
  title = {Tempo de espera por consulta médica especializada em um município
	de pequeno porte de Minas Gerais, Brasil},
  journal = {Revista Mineira de Enfermafem - UFMG},
  year = {2014},
  volume = {.},
  pages = {.},
  doi = {http://www.dx.doi.org/10.5935/1415-2762.20150006},
  owner = {iguilherme3},
  timestamp = {2019.01.05},
  url = {http://www.reme.org.br/artigo/detalhes/986}
}

@ARTICLE{URSULA2018,
  author = {ÚRSULA BEATRIZ GALVÃO SIQUEIRA},
  title = {ANÁLISE DO IMPACTO DA FILA DE ESPERA NA
	
	PROBABILIDADE DE ABSENTEÍSMO EM EXAMES E CONSULTAS},
  journal = {UNIVERSIDADE FEDERAL DE PERNAMBUCO},
  year = {2018},
  volume = {9},
  pages = {.},
  month = {\#nov\#},
  citeseerurl = {https://repositorio.ufpe.br/bitstream/123456789/26021/1/SIQUEIRA%2c%20%C3%9Arsula%20Beatriz%20Galv%C3%A3o.pdf},
  owner = {123},
  timestamp = {2018.07.30},
  url = {https://repositorio.ufpe.br/bitstream/123456789/26021/1/SIQUEIRA%2c%20%C3%9Arsula%20Beatriz%20Galv%C3%A3o.pdf},
  urlacessdate = {30 jul. 2018}
}
@ARTICLE{PINOCHET2014,
  author = {Luis Hernan Contreras Pinochet, Aline de Souza Lopes e Jheniffer Sanches Silva },
  title = {Inovações e Tendências Aplicadas nas Tecnologias de Informação e Comunicação na Gestão da Saúde},
  journal = {Revista de Gestão em Sistemas de Saúde},
  year = {2014},
  volume = {3},
  pages = {11-29},
  doi = {10.5585/rgss.v3i2.88},
  owner = {iguilherme3},
  timestamp = {2019.01.05},
  url = {https://dialnet.unirioja.es/servlet/articulo?codigo=5037436}
}



@article{CONASS,
title = "Aplicação de recursos em ações e serviços de saúde",
journal = "Conselho Nacional de Secretários de Saúde",
url = "http://www.conass.org.br/guiainformacao/aplicacao-de-recursos-em-acoes-e-servicos-de-saude/",
author = "CONASS",
 year = {2012},
urlaccessdate = "10 jan. 2019"
}

@article{CONTE2017,
title = "Como funciona o SUS?",
journal = "Drauzio Varella",
url = "https://drauziovarella.uol.com.br/o-sistema/como-funciona-o-sus/",
author = "Juliana Conte",
year = "2017",
urlaccessdate = "22 jan. 2019"
}

@article{BRASIL2012,
title = "97\% dos casos de emergência que chegam às UPAs são solucionados",
url = "http://www.brasil.gov.br/noticias/saude/2012/10/97-dos-casos-de-emergencia-que-chegam-as-upas-sao-solucionados",
author = "Governo Federal",
year = "2012",
urlaccessdate = "22 jan. 2019"
}

@Article{SECRETARIAMG,
  author       = {Diana Martins Barbosa},
  journal = {Secretaria Estadual de Saúde de Minas Gerais},
  title        = {O papel da Atenção Primária na rede assistencial},
  year         = {2017},
  url          = {https://www.farmacia.ufmg.br/wp-content/uploads/2017/05/3-Mód-1-Tema-3_Aula-Expositiva-2-Papel-da-APS-na-rede-assistencial.pdf},
  urlacessdate = {21 Nov. 2018}
}
@online{CFM2018,
  author = {Conselho Federal de Medicina e Datafolha},
  title = {Estudo revela dificuldade no acesso a serviços na rede pública de saúde},
  year = 2018,
  url = {https://portal.cfm.org.br/index.php?option=com_content&view=article&id=27726:2018-07-13-18-41-41&catid=3},
  urlacessdate = {21 Dez. 2018}
}
@article{MATTOS1978,
   title = {O impacto do computador na empresa},
   journal = {{Revista de Administra\~A\S\~A\poundso de Empresas}},
   author={Mattos, Antonio Carlos M},
   ISSN = {0034-7590},
   language = {pt},
   URL = {http://www.scielo.br/scielo.php?script=sci_arttext&pid=S0034-75901978000400005&nrm=iso},
   volume = {18},
   year = {1978},
   month = {12},
   pages = {53 - 58},
   publisher = {scielo},
   crossref = {10.1590/S0034-75901978000400005},
 }
   
@Comment{jabref-meta: databaseType:bibtex;}

@Comment{jabref-meta: grouping:
0 AllEntriesGroup:;
1 StaticGroup:link spam\;0\;1\;\;\;\;;
1 StaticGroup:content spam\;0\;1\;\;\;\;;
1 StaticGroup:competiror click fraud\;0\;1\;\;\;\;;
1 KeywordGroup:Norman\;0\;owner\;Norman\;1\;0\;1\;\;\;\;;
1 StaticGroup:ourpublications\;0\;1\;\;\;\;;
1 StaticGroup:test\;0\;1\;\;\;\;;
}

@Comment{jabref-meta: groupsversion:
3;
}
